<?xml version="1.0" encoding="UTF-8"?><collection xmlns="http://www.loc.gov/MARC21/slim"><record><leader>00506nam--2200193-i-4500</leader><controlfield tag="001">000020484</controlfield><controlfield tag="002">20161230</controlfield><controlfield tag="005">20161230201033</controlfield><controlfield tag="008">060222s1000------------r-----000-0-eng-d</controlfield><datafield ind1=" " ind2=" " tag="020"><subfield code="a">981-02-0-0716-6</subfield></datafield><datafield ind1=" " ind2=" " tag="040"><subfield code="a">IFIN-HH</subfield></datafield><datafield ind1=" " ind2=" " tag="080"><subfield code="a">519.2</subfield></datafield><datafield ind1="1" ind2=" " tag="100"><subfield code="a">Accardi, L</subfield></datafield><datafield ind1="1" ind2="0" tag="245"><subfield code="a">Quantum probability &amp; related topics</subfield><subfield code="c">L. Accardi (Managing Editor)</subfield></datafield><datafield ind1=" " ind2=" " tag="260"><subfield code="a">London, World Scientific, 1991</subfield></datafield><datafield ind1=" " ind2=" " tag="300"><subfield code="a">523 P</subfield></datafield><datafield ind1=" " ind2=" " tag="490"><subfield code="a">Qp - Pq</subfield><subfield code="v">vol. VI</subfield></datafield><datafield ind1=" " ind2=" " tag="852"><subfield code="a">80325</subfield><subfield code="c">519.2</subfield></datafield><datafield ind1=" " ind2=" " tag="CAT"><subfield code="a">Sys</subfield><subfield code="c">20100621</subfield><subfield code="h">102009</subfield></datafield></record></collection>